@comment{x-kbibtex-personnameformatting=<%l><, %f>}

@misc{LPCSchem,
	author = "NXP",
	title = "{LPC1769 Rev B Schematic}",
	url = "http://www.cs.umd.edu/class/fall2012/cmsc498a/manuals/lpcxpresso_lpc1769_schematic.pdf"
}

@manual{LPCManual,
	author = "NXP",
	booktitle = "{UM10360}",
	edition = "2",
	month = aug,
	title = "{LPC17xx User Manual}",
	url = "http://www.nxp.com/documents/user_manual/UM10360.pdf",
	year = "2010"
}

@misc{LPCSpec,
	author = "NXP",
	title = "{LPC176x Product Data Sheet}",
	url = "http://www.nxp.com/documents/data_sheet/LPC1769_68_67_66_65_64_63.pdf"
}

